@inproceedings{okada,
  title={"視覚と行動の end-to-end 学習により経路追従行動をオンラインで模倣する手法の提案"},
  author={岡田眞也, 清岡優祐, 上田隆一, 林原靖男},
  booktitle={SICE-SI2020予稿集},
  pages={1147--1152},
  year={2020},
  organization={制御学会 SI 部門講演会}
}

@inproceedings{simada,
  title={"トポロジカルマップとシナリオを用いたナビゲーション ---人が道案内に用いる情報の取得と評価"},
  author={島田滉己, 上田隆一, 林原靖男},
  booktitle={2020 講演論文集},
  year={2020},
  organization={日本機械学会ロボティクス・メカトロニクス講演会}
}

@inproceedings{razikon,
    author = "Felipe Codevilla et al.",
    title = {"End-to-end Driving via Conditional Imitation Learning"},
    organization = "arXiv: 1710.02410 ",
    year = 2018,
}
@inproceedings{nagoya,
  author={Seiya, Shunya and Carballo, Alexander and Takeuchi, Eijiro and Miyajima, Chiyomi and Takeda, Kazuya},
  booktitle={2018 IEEE International Conference on Robotics and Biomimetics (ROBIO)}, 
  title={"End-to-End Navigation with Branch Turning Support Using Convolutional Neural Network"}, 
  year={2018},
  volume={},
  number={},
  pages={499-506},
  doi={10.1109/ROBIO.2018.8665079}
  }
  
@inproceedings{Imagenet,
  title={ImageNet classification with deep convolutional neural networks},
  author={A. Krizhevsky, I. Sutskever, and G. E. Hinton.},
  booktitle={},
  pages={2P1--J07},
  year={2017},
  organization={一般社団法人 日本機械学会}
}

@misc{turtlebot3:online,
author = {},
title = {TurtleBot3 | ROBOTIS　emanual.robotis},
howpublished = {\url{https://emanual.robotis.com/docs/en/platform/turtlebot3/overview/}},
month = {},
year = {},
note = {(Accessed on 12/31/2021)}
}

@misc{navigation:online,
author = {},
title = {ros-planning, navigation},
howpublished = {\url{https://github.com/ros-planning/navigation}},
month = {},
year = {},
note = {(Accessed on 12/30/2021)}
}

@misc{gazebo:online,
author = {},
title = {gazebo},
howpublished = {\url{http://gazebosim.org/}},
month = {},
year = {},
note = {(Accessed on 12/30/2021)}
}
@inproceedings{Nvidia,
    author = "Mariusz Bojarski et al",
    title = {"End to End Learning for Self-Driving Cars"},
    organization = "arXiv: 1604.07316",
    year = 2016,
}

@inproceedings{pomeru,
 author = {Pomerleau, Dean A.},
 booktitle = {Advances in Neural Information Processing Systems},
 editor = {D. Touretzky},
 pages = {},
 publisher = {Morgan-Kaufmann},
 title = {ALVINN: An Autonomous Land Vehicle in a Neural Network},
 volume = {1},
 year = {1989}
}